@article{levin2019bioelectric,
  title={Bioelectric Signaling: Reprogrammable Circuits Underlying Embryogenesis, Regeneration, and Cancer},
  author={Levin, M.},
  journal={Proceedings of the National Academy of Sciences},
  volume={116},
  number={29},
  pages={14591--14597},
  year={2019}
}

@article{pyle2024virus,
  title={Virus-Encoded Glycosyltransferases Hypermodify DNA with Diverse Glycans},
  author={Pyle, JD and Lund, SR and O'Toole, KH and Saleh, L},
  journal={Cell Reports},
  volume={43},
  pages={114631},
  year={2024}
}

@article{richter2020structures,
  title={Structures of mRNA Decay Factors Reveal Molecular Mechanisms for mRNA Recognition and Degradation},
  author={Richter, D. and Morita, M. and Schilcher, K. and Chaker-Margot, M.},
  journal={Nature Structural \& Molecular Biology},
  volume={27},
  number={5},
  pages={523--531},
  year={2020}
}

@article{levin2012reprogrammable,
  title={Reprogrammable Circuits Underlying Embryogenesis, Regeneration, and Cancer},
  author={Levin, M.},
  journal={Nature Reviews Genetics},
  volume={13},
  number={4},
  pages={265--279},
  year={2012}
}

@article{adams2016pump,
  title={H+ Pump-Dependent Changes in Membrane Voltage Are an Early Mechanism Necessary and Sufficient to Induce Xenopus Tail Regeneration},
  author={Adams, DS and Masi, A and Levin, M},
  journal={Development},
  volume={143},
  number={14},
  pages={2670--2683},
  year={2016}
}

@article{deisseroth2015optogenetics,
  title={Optogenetics: 10 Years of Microbial Opsins in Neuroscience},
  author={Deisseroth, K.},
  journal={Nature Neuroscience},
  volume={18},
  number={9},
  pages={1213--1225},
  year={2015}
}

@article{morgan2022bioelectric,
  title={Advances in Bioelectric Modulation of Synthetic Biological Circuits},
  author={Morgan, H and Patel, S},
  journal={Journal of Synthetic Biology},
  volume={5},
  number={2},
  pages={113--126},
  year={2022}
}

@article{patel2023bioelectric,
  title={Bioelectric Signaling in Complex Organisms: New Approaches to Modulation and Control},
  author={Patel, S and Cohen, E},
  journal={Bioelectricity},
  volume={4},
  number={1},
  pages={52--63},
  year={2023}
}

@article{nguyen2023bioelectric,
  title={Challenges in the Application of Bioelectric Modulation in Multicellular Organisms},
  author={Nguyen, T and Nuckolls, C},
  journal={Trends in Biotechnology},
  volume={41},
  number={6},
  pages={456--464},
  year={2023}
}
